
@article{en3,
  title     = {{The Mechanism and Effectiveness of Credit Scoring of P2P Lending Platform: Evidence from Renrendai.com}},
  author    = {Li, Qiang and Chen, Liwen and Zeng, Yong},
  journal   = {China Finance Review International},
  volume    = {8},
  number    = {3},
  pages     = {256--274},
  year      = {2018},
  publisher = {Emerald Publishing Limited}
}


@article{en2,
  author  = {Carlstrom, Charles T and Fuerst, Timothy S},
  title   = {{Agency Costs, Net Worth, and Business Fluctuations: A Computable General Equilibrium Analysis}},
  journal = {The American Economic Review},
  pages   = {893-910},
  issn    = {0002-8282},
  year    = {1997},
  type    = {Journal Article}
}

@article{en1,
  author  = {Quadrini, Vincenzo},
  title   = {{Financial Frictions in Macroeconomic Fluctuations}},
  journal = {FRB Richmond Economic Quarterly},
  volume  = {97},
  number  = {3},
  pages   = {209-254},
  year    = {2011},
  type    = {Journal Article}
}


